\bibitem{patience-diff,
	author	= "Bram Cohen",
	title 	= "Patience Diff Advantages",
	year	= "2010",
	url		= "http://bramcohen.livejournal.com/73318.html"
}