@online{patience-diff,
	author    = "Cohen, B",
	title     = "Patience Diff Advantages",
	year	  = "2010",
	url       = "http://bramcohen.livejournal.com/73318.html",
	urldate   = "2017-03-27"
}
@online{knapsack-definition,
	title	= "Knapsack Problem",
	url		= "https://en.wikipedia.org/wiki/Knapsack_problem",
	urldate = "2017-04-02"
}
@online{diff-utility,
	title	= "diff utility",
	url		= "https://en.wikipedia.org/wiki/Diff_utility",
	urldate = "2017-04-02"
}
@online{dynamic-wiki,
	title	= "Dynamic programming",
	url		= "https://en.wikipedia.org/wiki/Dynamic_programming",
	urldate = "2017-04-02"
}
@book{bioinformatics,
	author 	= "Keshk, A. E. and Ossman, M. and Hussein, L.F.",
	title	= "Fast Longest Common Subsequences for Bioinformatics Dynamic Programming",
	year	= "2012",
	volume	= "57",
	number	= "22"
}
@book{bellman,
	author	= "Dreyfus, S",
	title	= "Richard Bellman on the Birth of Dynamic Programming",
	year	= "2002",
	book	= "Operations Research",
	volume	= "50",
	pages	= "48-51"
}
@book{dynamic,
	author	= "Eddy, S.R.",
	title	= "What is dynamic programming?",
	year	= "2004",
	book	= "Nature Biotechnology",
	volume	= "22",
	pages	= "909-910"
}

@book{DPiCS,
	author	= "Brown, K.Q",
	title	= "Dynamic programming in computer science",
	year	= "1979"
}

@book{learning2act,
	author	= "Barto, A. G. et al.",
	title	= "Learning to act using real-time dynamic programming",
	year	= "1991"
}

@book{IntroAlgo,
	author	= "Cormen, Thomas H. and Leiserson, Charles E. and Rivest, Ronald L. and Stein, Clifford",
	title	= "Introduction to Algorithms, Third Edition",
	year	= "2009",
	pages	= "359-397",
	publisher = "The MIT Press"
}

@book{design-manual,
	author	= "Skiena, Steven S.",
	title	= "The Algorithm Design Manual, Second Edition",
	year	= "2008",
	pages	= "273-310",
	publisher = "Springer Publishing Company, Incorporated"
}

@online{Java-Pop,
	title     = "TIOBE Index for April 2017",
	year	  = "2017",
	url       = "https://www.tiobe.com/tiobe-index/",
	urldate   = "2017-04-19"
}

@book{Levenshtein,
	author 	= "Navarro, G.",
	title	= "A Guided Tour to Approximate String Matching",
	year	= "2001",
	magazine = "ACM Computing Surveys",
	volume	= "33"
}

@book{bio_ED,
	author	= "Jones, N. C. and Pevzner, P. A.",
	title	= "An Introduction to Bioinformatics Algorithms",
	year	= "2004",
	pages	= "167-171"
}

@online{passwords,
	author	= "Sutherland, S.",
	title	= "Subset-Sum (Knapsack) problems and their uses",
	year	= "2002",
	url		= "http://www.math.stonybrook.edu/~scott/blair/Subset_Sum_Knapsack_problem.html",
	urldate   = "2017-04-18"
}

@book{interviews,
	author	= "Meenakshi and Rawat, K.",
	title	= "Dynamic Programming For Coding Interviews: A Bottom-Up Approach to Problem Solving",
	year	= "2017",
	publisher = "Notion Press"
}

@online{interleave,
	title	= "Dynamic Programming | Set 33 (Find if a string is interleaved of two other strings)",
	year	= "2013",
	url		= "http://www.geeksforgeeks.org/check-whether-a-given-string-is-an-interleaving-of-two-other-given-strings-set-2/",
	urldate	= "2017-04-21"
}

@book{knapsack-book,
	author	= "Martello, Silvano and Toth, Paolo",
	title	= "Knapsack Problems: Algorithms and Computer Implementations",
	year	= "1990",
	publisher = "John Wiley \& Sons, Inc.",
	pages	= "105-136"
}